% Encoding: UTF-8

@Manual{blankenburg:usage_old,
  author       = {Blankenburg, Klaus H.},
  title        = {Correct usage of quantities, units and equations},
  year         = {2012},
  edition      = {Version 03.00, PD 5214.5061.62},
  note         = {\url{http://cdn.rohde-schwarz.com/pws/dl_downloads/dl_common_library/dl_brochures_and_datasheets/pdf_1/Correct_usage_of_quantities_units_and_equations_bro_en.pdf}},
  organization = {Rohde\&Schwarz},
  url          = {http://cdn.rohde-schwarz.com/pws/dl_downloads/dl_common_library/dl_brochures_and_datasheets/pdf_1/Correct_usage_of_quantities_units_and_equations_bro_en.pdf},
  address      = {Munich, Germany},
  month        = sep,
}

@Manual{blankenburg:usage,
  author       = {Blankenburg, Klaus H.},
  title        = {Standard-compliant usage of quantities, units and equations},
  year         = {2016},
  edition      = {Version 04.00, PD 5214.5061.62},
  note         = {\url{https://cdn.rohde-schwarz.com/pws/dl_downloads/dl_common_library/dl_brochures_and_datasheets/pdf_1/Standard-compliant_usage_of_quantities_units_and_equations_bro_en_5214-5061-62_v0400.pdf}},
  organization = {Rohde\&Schwarz},
  url          = {https://cdn.rohde-schwarz.com/pws/dl_downloads/dl_common_library/dl_brochures_and_datasheets/pdf_1/Standard-compliant_usage_of_quantities_units_and_equations_bro_en_5214-5061-62_v0400.pdf},
  address      = {Munich, Germany},
  month        = nov,
}

@Book{grossman:chicago_manual,
  author    = {Grossman, John},
  title     = {The Chicago Manual of Style},
  year      = {1993},
  edition   = {14},
  publisher = {Univ. of Chicago Press},
  isbn      = {0-226-10389-7},
  address   = {Chicago, USA},
}

@Book{hering:technical_reports,
  author    = {Hering, Lutz and Hering, Heike},
  title     = {How to Write Technical Reports: Understandable Structure, Good Design, Convincing Presentation},
  year      = {2010},
  note      = {\url{http://dx.doi.org/10.1007/978-3-540-69929-3}},
  publisher = {Springer-Verlag},
  isbn      = {978-3-540-69929-3},
  doi       = {10.1007/978-3-540-69929-3},
  address   = {Berlin, Heidelberg},
}

@Electronic{wiki:abstract_en,
  author    = {{Wikipedia, the free encyclopedia}},
  title     = {Abstract (summary)},
  year      = {2012},
  url       = {http://en.wikipedia.org/wiki/Abstract_%28summary%29},
  note      = {\url{http://en.wikipedia.org/wiki/Abstract_%28summary%29}},
  month     = jan,
  timestamp = {2012.01.14},
}

@Manual{ieee:citation,
  title        = {IEEE Citation Reference},
  note         = {\url{https://www.ieee.org/documents/ieeecitationref.pdf}},
  organization = {IEEE},
  url          = {https://www.ieee.org/documents/ieeecitationref.pdf},
  address      = {New York City, USA},
}

@Manual{bipm:si_brochure_8_en,
  title        = {The International System of Units ({SI})},
  year         = {2006},
  edition      = {8},
  note         = {\url{http://www.bipm.org/en/publications/si-brochure/}},
  organization = {International Bureau of Weights and Measures (Bureau International des Poids et Mesures)},
  isbn         = {92-822-2213-6},
  url          = {http://www.bipm.org/en/publications/si-brochure/},
  address      = {SÃ¨vres, France},
  month        = may,
}

@Electronic{USC:lenna,
  author = {USC University of Southern California, Signal and Image Processing Institute, Ming Hsieh Department of Electrical Engineering},
  title  = {Girl (Lena, or Lenna), 512x512 pixels, 768 kB, Color (24 bits/pixel)},
  year   = {1972},
  url    = {http://sipi.usc.edu/database/database.php?volume=misc&image=12#top},
  note   = {\url{http://sipi.usc.edu/database/database.php?volume=misc&image=12#top}},
  number = {4.2.04},
  volume = {Volume 3: Miscellaneous},
}

@Comment{jabref-meta: databaseType:biblatex;}
