% Encoding: UTF-8

@Manual{blankenburg:umgang2,
  author       = {Blankenburg, Klaus H.},
  title        = {Der normgerechte Umgang mit Größen, Einheiten und Gleichungen},
  year         = {2016},
  edition      = {Version 04.00},
  note         = {PD 5214.5061.61},
  organization = {Rohde\&Schwarz},
  address      = {München},
  month        = mar,
}

@Manual{blankenburg:umgang4.02,
  author       = {Blankenburg, Klaus H.},
  title        = {Der normgerechte Umgang mit Größen, Einheiten und Gleichungen},
  year         = {2016},
  edition      = {Version 04.02},
  note         = {PD 5214.5061.61},
  organization = {Rohde\&Schwarz},
  url          = {https://karriere.rohde-schwarz.de/fileadmin/user_upload/Normgerechter_Umgang_mit_Groessen_Einheiten_Gleichungen_bro_de_5214-5061-61_v0402_96dpi.pdf},
  address      = {München},
  month        = nov,
}

@Manual{blankenburg:umgang,
  author       = {Blankenburg, Klaus H.},
  title        = {Der korrekte Umgang mit Größen, Einheiten und Gleichungen},
  year         = {2011},
  edition      = {Version 03.00},
  note         = {PD 5214.5061.61},
  organization = {Rohde\&Schwarz},
  url          = {http://karriere.rohde-schwarz.de/fileadmin/customer/downloads/PDF/Der_korrekte_Umgang_mit_Groessen_Einheiten_und_Gleichungen_bro_de_01.pdf},
  address      = {München},
  month        = aug,
}

@Book{hering:berichte,
  author    = {Hering, Lutz and Hering, Heike and Heyne, Klaus-Geert},
  title     = {Technische Berichte: Verständlich gliedern, gut gestalten, überzeugend vortragen},
  year      = {2009},
  edition   = {6},
  publisher = {Vieweg+Teubner},
  isbn      = {978-3834805713},
  pages     = {280},
  address   = {Wiesbaden},
  month     = jan,
}

@Book{lanze:manuskript,
  author    = {Lanze, Werner},
  title     = {Das technische Manuskript - Ein Handbuch mit ausführlichen Anleitungen für Autoren und Bearbeiter},
  year      = {1982},
  edition   = {3},
  publisher = {Vulkan-Verlag},
  isbn      = {978-3802781223},
  pages     = {242},
  address   = {Essen},
}

@Electronic{wiki:abstract_de,
  author    = {{Wikipedia, the free encyclopedia}},
  title     = {Abstract},
  year      = {2012},
  url       = {http://de.wikipedia.org/wiki/Abstract},
  month     = jan,
  timestamp = {2012.01.14},
}

@Electronic{wiki:abstract_en,
  author    = {{Wikipedia, the free encyclopedia}},
  title     = {Abstract (summary)},
  year      = {2012},
  url       = {http://en.wikipedia.org/wiki/Abstract_%28summary%29},
  month     = jan,
  timestamp = {2012.01.14},
}

@Electronic{wiki:DIN_1421,
  author    = {{Wikipedia, the free encyclopedia}},
  title     = {DIN 1421},
  year      = {2012},
  url       = {http://de.wikipedia.org/wiki/DIN_1421},
  month     = jan,
  timestamp = {2012.01.14},
}

@Electronic{wiki:din_1502-2,
  author    = {{Wikipedia, the free encyclopedia}},
  title     = {DIN 1505-2},
  year      = {2012},
  url       = {http://de.wikipedia.org/wiki/DIN_1505-2},
  month     = jan,
  timestamp = {2012.01.14},
}

@Manual{bipm:si_brochure_8_en,
  title        = {The International System of Units ({SI})},
  year         = {2006},
  edition      = {8},
  organization = {Internationales Büro für Maß und Gewicht (Bureau International des Poids et Mesures)},
  url          = {http://www.bipm.org/en/publications/si-brochure/},
  address      = {Sèvres, Frankreich},
}

@Electronic{USC:lenna,
  author = {USC University of Southern California, Signal and Image Processing Institute, Ming Hsieh Department of Electrical Engineering},
  title  = {Girl (Lena, or Lenna), 512x512 pixels, 768 kB, Color (24 bits/pixel)},
  year   = {1972},
  url    = {http://sipi.usc.edu/database/database.php?volume=misc&image=12#top},
  number = {4.2.04},
  volume = {Volume 3: Miscellaneous},
}

@Comment{jabref-meta: databaseType:biblatex;}
